@book{AHNERT2023,
  editor     = {Wolfgang Ahnert and Dirk Noy},
  title      = {Sound Reinforcement for Audio Engineers},
  publisher  = {Routledge},
  address    = {Abingdon, Oxon and New York, NY},
  year       = {2023},
  copyright  = {© 2023 Wolfgang Ahnert and Dirk Noy},
  isbn       = {978-1-032-11518-4 (hbk)},
  pages      = {12--842},
  doi        = {10.4324/9781003220268},
  typeset    = {Goudy},
  typesetter = {Newgen Publishing UK}
}

@book{MCCARTHY2016,
  author     = {Bob McCarthy},
  title      = {Sound Systems: Design and Optimization},
  edition    = {Third Edition},
  publisher  = {Focal Press},
  address    = {New York, NY and Abingdon, Oxon},
  year       = {2016},
  copyright  = {© 2016 Bob McCarthy},
  isbn       = {978-0-415-73101-0 (pbk)},
  pages      = {12--842},
  note       = {Library of Congress Cataloging-in-Publication Data: TK7881.4.M42 2016},
  typeset    = {Giovanni},
  typesetter = {Apex CoVantage, LLC}
}

@book{AOIP2010,
  title      = {Audio over IP: Building Pro AoIP Systems with Livewire},
  author     = {Skip Pizzi and Steve Church},
  publisher  = {Focal Press, an imprint of Elsevier},
  address    = {30 Corporate Drive, Suite 400, Burlington, MA 01803, USA and Linacre House, Jordan Hill, Oxford OX2 8DP, UK},
  year       = {2010},
  copyright  = {© 2010 ELSEVIER Inc. All rights reserved.},
  isbn       = {978-0-240-81244-1},
  typeset    = {Goudy},
  typesetter = {Newgen Publishing UK}
}


@manual{DISPLAY23USERGUIDE,
  title  = {Display v2.3 USER GUIDE v1.5},
  author = {Martin Audio},
  url    = {https://martin-audio.com/downloads/userguides/Display-2.3-User-Guide-v1.5.pdf},
  note   = {Megnyitva: 2024.01.04.}
}

@manual{WPCUSERGUIDE,
  title  = {WPC User Guide},
  author = {Martin Audio},
  url    = {https://martin-audio.com/downloads/userguides/WPC-User-Guide.pdf},
  note   = {Megnyitva: 2024.01.04.}
}

@manual{WPMUSERGUIDE,
  title  = {WPM User Guide},
  author = {Martin Audio},
  url    = {https://martin-audio.com/downloads/userguides/WPM-User-Guide.pdf},
  note   = {Megnyitva: 2024.01.04.}
}

@manual{SXSUBWOOFERUSERGUIDE,
  title  = {SX Subwoofer User Guide},
  author = {Martin Audio},
  url    = {https://martin-audio.com/downloads/userguides/SX-Subwoofer-User-Guide.pdf},
  note   = {Megnyitva: 2024.01.04.}
}

@manual{VUNETUSERGUIDE,
  title  = {VU-NET 2.2 User Guide v4.7},
  author = {Martin Audio},
  url    = {https://martin-audio.com/downloads/userguides/VU-NET%202.2%20User%20Guide%20v4.7.pdf},
  note   = {Megnyitva: 2024.01.04.}
}

@manual{IKONAMPUSEGUIDE,
  author = {Martin Audio},
  title = {iKON Amplifier User Guide},
  url = {https://martin-audio.com/downloads/userguides/iKON-Amplifier-User%20Guide.pdf},
  note   = {Megnyitva: 2024.01.04.}
}

@misc{MERLINVANVEEN,
  author = {Merlijn van Veen},
  title = {Calculators},
  url = {https://www.merlijnvanveen.nl/en/calculators},
  note = {Megnyitva: 2024.01.08.}
}

@misc{MARTINSUBCALCULATOR,
  author = {Martin Audio},
  title = {Subwoofer Calculator},
  url = {https://martin-audio.com/support/subwoofer-calculator},
  note = {Megnyitva: 2024.01.08.}}
}

@misc{AHSQ,
  author = {Allen \& Heath},
  title = {SQ Series},
  url = {https://www.allen-heath.com/hardware/sq},
  note = {Megnyitva: 2024.01.08.}}
}

@misc{APPLICATIONDIAGRAMSFORDANTESYSTEMS,
  author = {Audinate},
  title = {Application Diagrams for Dante Systems},
  url = {https://my.audinate.com/sites/default/files/Live_Performance_Touring_Venue_Audio_System_Diagrams_Dante.pdf},
  note = {Megnyitva: 2024.02.25.}
}

@misc{AUDINATEHISTORY,
  author = {Audinate},
  title = {Audinate History},
  url = {https://www.audinate.com/company/history},
  note = {Megnyitva: 2024.09.11.}
}

@misc {PULSECODEMODULATION,
  author = {Shah Nurun Nabi},
  title = {Pulse Code Modulation (PCM)},
  url = {https://www.youtube.com/watch?app=desktop&v=k7L52z-IQmQ},
  note = {Megnyitva: 2024.09.16.}
}

@misc {DECIBELSCALE,
  author = {Vadalarm},
  title = {Decibel Scale},
  url = {https://www.vadalarm.hu/img/blog/decibel-ertek.jpg},
  note = {Megnyitva: 2024.09.16.}
}

@misc {DBWEIGHTS,
  author = {NTI Audio},
  title = {dB Weights},
  url = {https://www.nti-audio.com/Portals/0/pic/en/Sound-Pressure-Level-Frequency-Weightings.jpg},
  note = {Megnyitva: 2024.09.16.}
}

@misc {TCPUDPPICS,
  author = {Trueconf},
  title = {TCP and UDP},
  url = {https://trueconf.com/blog/wp-content/uploads/2022/01/packet-formats-1-690x294.png},
  note = {Megnyitva: 2024.09.17.}
}

@misc {UDP,
  author = {GeeksforGeeks},
  title = {UDP},
  url = {https://www.geeksforgeeks.org/user-datagram-protocol-udp/},
  note = {Megnyitva: 2024.09.17.}
}

@misc {DSPARRAYS,
  author = {Martin Audio},
  title = {DSP Arrays},
  url = {https://static.martin-audio.com/downloads/brochures/wpl-brochure.pdf},
  note = {Megnyitva: 2024.09.17.}
}

@misc {DIGITALSIGNALPROCESSING,
  author = {Pető Andrea},
  title = {Kétcsatornás tömörített és tömörítetlen digitális hangjelek minőségi vizsgálata },
  url = {http://vip.tilb.sze.hu/~wersenyi/PAND.pdf},
  note = {Megnyitva: 2024.11.11.}
}

@misc {SOUNDPRESSURELEVEL,
  author = {Geers},
  title = {Hangerő és decibel},
  url = {https://www.geers.hu/blog/hallasvedelem/hangero-es-decibel/},
  note = {Megnyitva: 2024.11.11.}
}


----------------------------------------------------------------------------
https://broadmax.hu/wp-content/uploads/2016/10/three-pillars-audio-networking-whitepaper-audinate.pdf
https://broadmax.hu/wp-content/uploads/2016/10/rise-of-audio-networking-audinate-wp.pdf
https://broadmax.hu/blog/audio-over-ip/
https://rhconsulting.uk/blog/networked-audio-products-2023/